<record><leader>00000cas a22000007a 4500</leader><controlfield tag="001">2267881</controlfield><controlfield tag="008">760620d19201976nyuwr ne      0    0ger d</controlfield><datafield ind1=" " ind2=" " tag="010"><subfield code="a">sn 83045593 </subfield></datafield><datafield ind1=" " ind2=" " tag="040"><subfield code="a">PIT</subfield><subfield code="b">eng</subfield><subfield code="c">PIT</subfield><subfield code="d">NPW</subfield><subfield code="d">NPU</subfield><subfield code="d">DLC</subfield><subfield code="d">YOX</subfield><subfield code="d">NSD</subfield><subfield code="d">MGN</subfield><subfield code="d">CRL</subfield><subfield code="d">NYS</subfield><subfield code="d">CRL</subfield><subfield code="d">KRTAS</subfield><subfield code="d">OCLCF</subfield><subfield code="d">OCLCO</subfield></datafield><datafield ind1="1" ind2=" " tag="029"><subfield code="a">AU@</subfield><subfield code="b">000025815979</subfield></datafield><datafield ind1=" " ind2=" " tag="042"><subfield code="a">msc</subfield></datafield><datafield ind1=" " ind2=" " tag="043"><subfield code="a">n-us-ny</subfield></datafield><datafield ind1="0" ind2="0" tag="050"><subfield code="a">Newspaper</subfield></datafield><datafield ind1="0" ind2="0" tag="245"><subfield code="a">Sonntagsblatt Staats-Zeitung und Herold.</subfield></datafield><datafield ind1="1" ind2="0" tag="246"><subfield code="a">Sonntagsblatt Staats Zeitung und Herold</subfield></datafield><datafield ind1=" " ind2=" " tag="260"><subfield code="a">New York, N.Y. :</subfield><subfield code="b">Staats-Herold Corp.,</subfield><subfield code="c">1920-1976.</subfield></datafield><datafield ind1=" " ind2=" " tag="300"><subfield code="a">55 v. :</subfield><subfield code="b">ill. ;</subfield><subfield code="c">43 cm.</subfield></datafield><datafield ind1=" " ind2=" " tag="310"><subfield code="a">Weekly</subfield></datafield><datafield ind1="0" ind2=" " tag="362"><subfield code="a">72. Jahrg., Nr. 12 (21. Ma&#776;rz 1920)-142. Jahrg., Nr. 44 (30/31. Okt. 1976).</subfield></datafield><datafield ind1=" " ind2=" " tag="500"><subfield code="a">Published in New York, N.Y., 1920-Dec. 1/2, 1973; in Long Island City, N.Y. thereafter.</subfield></datafield><datafield ind1=" " ind2=" " tag="530"><subfield code="a">Also available on microfilm from the Library of Congress Photoduplication Service Section, and from the New York Public Library.</subfield></datafield><datafield ind1=" " ind2=" " tag="546"><subfield code="a">In German.</subfield></datafield><datafield ind1=" " ind2=" " tag="580"><subfield code="a">Merger of: Sonntagsblatt der N.Y. Staats-Zeitung, and: New Yorker Herold Sonntagsblatt.</subfield></datafield><datafield ind1=" " ind2=" " tag="580"><subfield code="a">Issued also a daily edition, New Yorker Staats-Zeitung und Herold, which absorbed the Sonntagsblatt Staats-Zeitung und Herold in 1976.</subfield></datafield><datafield ind1=" " ind2="0" tag="650"><subfield code="a">Germans</subfield><subfield code="z">New York (State)</subfield><subfield code="v">Newspapers.</subfield></datafield><datafield ind1=" " ind2="0" tag="650"><subfield code="a">German Americans</subfield><subfield code="z">New York (State)</subfield><subfield code="v">Newspapers.</subfield></datafield><datafield ind1=" " ind2="0" tag="651"><subfield code="a">New York (N.Y.)</subfield><subfield code="v">Newspapers.</subfield></datafield><datafield ind1=" " ind2="0" tag="651"><subfield code="a">Long Island City (New York, N.Y.)</subfield><subfield code="v">Newspapers.</subfield></datafield><datafield ind1=" " ind2="0" tag="651"><subfield code="a">Queens (New York, N.Y.)</subfield><subfield code="v">Newspapers.</subfield></datafield><datafield ind1=" " ind2="0" tag="651"><subfield code="a">Queens County (N.Y.)</subfield><subfield code="v">Newspapers.</subfield></datafield><datafield ind1=" " ind2="7" tag="655"><subfield code="a">Newspapers.</subfield><subfield code="2">fast</subfield><subfield code="0">(OCoLC)fst01423814</subfield></datafield><datafield ind1=" " ind2="7" tag="650"><subfield code="a">German Americans.</subfield><subfield code="2">fast</subfield><subfield code="0">(OCoLC)fst00941308</subfield></datafield><datafield ind1=" " ind2="7" tag="650"><subfield code="a">Germans.</subfield><subfield code="2">fast</subfield><subfield code="0">(OCoLC)fst00942100</subfield></datafield><datafield ind1=" " ind2="7" tag="651"><subfield code="a">New York (State)</subfield><subfield code="2">fast</subfield><subfield code="0">(OCoLC)fst01210280</subfield></datafield><datafield ind1=" " ind2="7" tag="651"><subfield code="a">New York (State)</subfield><subfield code="z">New York.</subfield><subfield code="2">fast</subfield><subfield code="0">(OCoLC)fst01204333</subfield></datafield><datafield ind1=" " ind2="7" tag="651"><subfield code="a">New York (State)</subfield><subfield code="z">New York</subfield><subfield code="z">Long Island City.</subfield><subfield code="2">fast</subfield><subfield code="0">(OCoLC)fst01315587</subfield></datafield><datafield ind1=" " ind2="7" tag="651"><subfield code="a">New York (State)</subfield><subfield code="z">New York</subfield><subfield code="z">Queens.</subfield><subfield code="2">fast</subfield><subfield code="0">(OCoLC)fst01313007</subfield></datafield><datafield ind1=" " ind2="7" tag="651"><subfield code="a">New York (State)</subfield><subfield code="z">Queens County.</subfield><subfield code="2">fast</subfield><subfield code="0">(OCoLC)fst01246810</subfield></datafield><datafield ind1=" " ind2=" " tag="752"><subfield code="a">United States</subfield><subfield code="b">New York</subfield><subfield code="c">New York</subfield><subfield code="d">New York.</subfield></datafield><datafield ind1=" " ind2=" " tag="752"><subfield code="a">United States</subfield><subfield code="b">New York</subfield><subfield code="c">Queens</subfield><subfield code="d">Long Island City.</subfield></datafield><datafield ind1="1" ind2=" " tag="775"><subfield code="t">New Yorker Staats-Zeitung und Herold</subfield><subfield code="w">(DLC)sn 83045726</subfield><subfield code="w">(OCoLC)5741136</subfield></datafield><datafield ind1="1" ind2="4" tag="780"><subfield code="t">Sonntagsblatt der N.Y. Staats-Zeitung</subfield><subfield code="w">(DLC)sn 83030602</subfield><subfield code="w">(OCoLC)9541791</subfield></datafield><datafield ind1="1" ind2="4" tag="780"><subfield code="t">New Yorker Herold Sonntagsblatt</subfield><subfield code="w">(DLC)sn 88073066</subfield><subfield code="w">(OCoLC)19121106</subfield></datafield><datafield ind1="1" ind2="4" tag="785"><subfield code="t">New Yorker Staats-Zeitung und Herold</subfield><subfield code="x">1050-4591</subfield><subfield code="w">(DLC)sn 83045726</subfield><subfield code="w">(OCoLC)5741136</subfield></datafield><datafield ind1=" " ind2=" " tag="938"><subfield code="a">Kirtas Technologies, Inc.</subfield><subfield code="b">KRTS</subfield><subfield code="n">735722</subfield></datafield></record>